 @book{brezis,
  title={Functional Analysis, Sobolev Spaces and Partial Differential Equations},
  author={Brezis, H.},
  isbn={9780387709130},
  lccn={2010938382},
  series={Universitext},
  url={https://books.google.co.uk/books?id=GAA2XqOIIGoC},
  year={2010},
  publisher={Springer New York}
}
